@article{rauscher2014grasping,
  title     = {Grasping cities through literary representations. A mix of qualitative and quantitative approaches to analyze crime novels},
  author    = {Rauscher, Janneke},
  journal   = {Historical Social Research/Historische Sozialforschung},
  pages     = {68--102},
  year      = {2014},
  publisher = {JSTOR}
}

@book{deadmen,
  title = {Dead Men's Money},
  author = {Fletcher, J.S.},
  year = {1920}
}

@book{middleofthings,
    title = {The Middle of Things},
    author = {Fletcher, J.S.},
    year = {1900}
}

@book{middletemplemurder,
    title = {The Middle Temple Murder},
    author = {Fletcher, J.S.},
    year = {1919}
}

@book{tallyrandmaxim,
    title = {The Tallyrand Maxim},
    author = {Fletcher, J.S.},
    year = {1919}
}

@book{scarhavenkeep,
    title = {Scarhaven Keep},
    author = {Fletcher, J.S.},
    year = {1920}
}

@misc{gutenberg,
    title = {Project Gutenberg},
    howpublished={\url{gutenberg.org}}
}

@misc{goodreads,
    title = {GoodReads},
    howpublished={\url{www.goodreads.com}}
}

@misc{kadaxis,
    title = {Kadaxis},
    howpublished={\url{https://kadaxis.com/book/}}
}
